@article{shin2010approximation,
  title={On approximation of dominating tree in wireless sensor networks},
  author={Shin, Incheol and Shen, Yilin and Thai, My T},
  journal={Optimization Letters},
  volume={4},
  number={3},
  pages={393--403},
  year={2010},
  publisher={Springer}
}

@article{charikar1999approximation,
  title={Approximation algorithms for directed Steiner problems},
  author={Charikar, Moses and Chekuri, Chandra and Cheung, To-yat and Dai, Zuo and Goel, Ashish and Guha, Sudipto and Li, Ming},
  journal={Journal of Algorithms},
  volume={33},
  number={1},
  pages={73--91},
  year={1999},
  publisher={Elsevier}
}

@inproceedings{halperin2003polylogarithmic,
  title={Polylogarithmic inapproximability},
  author={Halperin, Eran and Krauthgamer, Robert},
  booktitle={Proceedings of the thirty-fifth annual ACM symposium on Theory of computing},
  pages={585--594},
  year={2003},
  organization={ACM}
}

@article{cheng2003polynomial,
  title={A polynomial-time approximation scheme for the minimum-connected dominating set in ad hoc wireless networks},
  author={Cheng, Xiuzhen and Huang, Xiao and Li, Deying and Wu, Weili and Du, Ding-Zhu},
  journal={Networks},
  volume={42},
  number={4},
  pages={202--208},
  year={2003},
  publisher={Wiley Online Library}
}

@inproceedings{das1997routing,
  title={Routing in ad-hoc networks using minimum connected dominating sets},
  author={Das, Bevan and Bharghavan, Vaduvur},
  booktitle={Communications, 1997. ICC'97 Montreal, Towards the Knowledge Millennium. 1997 IEEE International Conference on},
  volume={1},
  pages={376--380},
  year={1997},
  organization={IEEE}
}

@article{adasme2016models,
  title={Models for minimum cost dominating trees},
  author={Adasme, Pablo and Andrade, Rafael and Leung, Janny and Lisser, Abdel},
  journal={Electronic Notes in Discrete Mathematics},
  volume={52},
  pages={101--107},
  year={2016},
  publisher={Elsevier}
}

@article{adasme2017minimum,
  title={Minimum cost dominating tree sensor networks under probabilistic constraints},
  author={Adasme, Pablo and Andrade, Rafael and Lisser, Abdel},
  journal={Computer Networks},
  volume={112},
  pages={208--222},
  year={2017},
  publisher={Elsevier}
}

@article{sampathkumar1979connected,
  title={The connected domination number of a graph},
  author={Sampathkumar, E and Walikar, HB},
  journal={J. Math. Phys},
  year={1979}
}

@article{guha1998approximation,
  title={Approximation algorithms for connected dominating sets},
  author={Guha, Sudipto and Khuller, Samir},
  journal={Algorithmica},
  volume={20},
  number={4},
  pages={374--387},
  year={1998},
  publisher={Springer}
}